@article{EVL:1,
  title={Modeling Extreme Events in Time Series Prediction},
  author ={Daizong Ding, Mi Zhang, Xudong Pan, Min Yang, Xiangnan He}
  
  year={2019}
}

@article{LSTMCNN:2,
  title="Recurrent Convolutional Neural Networks help to
predict location of Earthquakes",
  author ="Alexey Zaytsev, Evgeny Burnaev"
  year="2020"
}

@article{GRUCNN:3,
  title={Road Segmentation Using CNN with GRU},
  author ={Yecheng Lyu and Xinming Huang}
  year={2018}
}